<?xml version="1.0" encoding="UTF-8"?><record xmlns="http://www.loc.gov/MARC21/slim" xmlns:cinclude="http://apache.org/cocoon/include/1.0" xmlns:zs="http://www.loc.gov/zing/srw/">
  <leader>00698nz  a2200169n  4500</leader>
  <controlfield tag="001">no2003073907</controlfield>
  <controlfield tag="003">DLC</controlfield>
  <controlfield tag="005">20030726071021.0</controlfield>
  <controlfield tag="008">030725n| acannaabn          |a aad     c</controlfield>
  <datafield tag="010" ind1=" " ind2=" ">
    <subfield code="a">no2003073907</subfield>
  </datafield>
  <datafield tag="035" ind1=" " ind2=" ">
    <subfield code="a">(OCoLC)oca06109709</subfield>
  </datafield>
  <datafield tag="040" ind1=" " ind2=" ">
    <subfield code="a">MdU</subfield>
    <subfield code="b">eng</subfield>
    <subfield code="c">MdU</subfield>
  </datafield>
  <datafield tag="100" ind1="1" ind2=" ">
    <subfield code="a">Watrasiewicz, B. M.</subfield>
  </datafield>
  <datafield tag="400" ind1="1" ind2=" ">
    <subfield code="a">Watrasiewicz, Bohdan Maciej</subfield>
  </datafield>
  <datafield tag="670" ind1=" " ind2=" ">
    <subfield code="a">LCCN76-457602: Laser Doppler measurements, 1975</subfield>
    <subfield code="b">(hdg.: Watrasiewicz, B. M.; usage: B. M. Watrasiewicz)</subfield>
  </datafield>
  <datafield tag="670" ind1=" " ind2=" ">
    <subfield code="a">LC in OCLC, July 24, 2003</subfield>
    <subfield code="b">(hdg.: Watrasiewicz, B. M.)</subfield>
  </datafield>
  <datafield tag="670" ind1=" " ind2=" ">
    <subfield code="a">Imperial Coll. of Sci., Technol. &amp; Med. Library web catalogue, July 24, 2003</subfield>
    <subfield code="b">(hdg.: Watrasiewicz, Bohdan Maciej; usage: B.M. Watrasiewicz, Bohdan Maciej Watrasiewicz)</subfield>
  </datafield>
</record>